@inproceedings{Meier:1996:PRA:237170.237288,
 author = {Meier, Barbara J.},
 title = {Painterly Rendering for Animation},
 booktitle = {Proceedings of the 23rd Annual Conference on Computer Graphics and Interactive Techniques},
 series = {SIGGRAPH '96},
 year = {1996},
 isbn = {0-89791-746-4},
 pages = {477--484},
 numpages = {8},
 url = {http://doi.acm.org/10.1145/237170.237288},
 doi = {10.1145/237170.237288},
 acmid = {237288},
 publisher = {ACM},
 address = {New York, NY, USA},
 keywords = {abstract images, non-photorealistic rendering, painterly rendering, painting, particle systems},
}
